%Refactoring in object oriented languages: In General.
@book{wake2004refactoring,
  title={Refactoring workbook},
  author={Wake, William C},
  year={2004},
  publisher={Addison-Wesley Professional}
}

@book{fowler1999refactoring,
  title={Refactoring: improving the design of existing code},
  author={Fowler, Martin},
  year={1999},
  publisher={Addison-Wesley Professional}
}

@article{lientz1978characteristics,
  title={Characteristics of application software maintenance},
  author={Lientz, Bennet P and Swanson, E. Burton and Tompkins, Gail E},
  journal={Communications of the ACM},
  volume={21},
  number={6},
  pages={466--471},
  year={1978},
  publisher={ACM}
}

@article{mens2004survey,
  title={A survey of software refactoring},
  author={Mens, Tom and Tourw{\'e}, Tom},
  journal={IEEE Transactions on software engineering},
  volume={30},
  number={2},
  pages={126--139},
  year={2004},
  publisher={IEEE}
}

@inproceedings{mens2003refactoring,
  title={Refactoring: Emerging trends and open problems},
  author={Mens, Tom and Van Deursen, Arie and others},
  booktitle={Proceedings First International Workshop on REFactoring: Achievements, Challenges, Effects (REFACE)},
  year={2003}
}

@inproceedings{baxter1998clone,
  title={Clone detection using abstract syntax trees},
  author={Baxter, Ira D and Yahin, Andrew and Moura, Leonardo and Sant'Anna, Marcelo and Bier, Lorraine},
  booktitle={Proceedings. International Conference on Software Maintenance (Cat. No. 98CB36272)},
  pages={368--377},
  year={1998},
  organization={IEEE}
}

@inproceedings{sajnani2016sourcerercc,
  title={SourcererCC: scaling code clone detection to big-code},
  author={Sajnani, Hitesh and Saini, Vaibhav and Svajlenko, Jeffrey and Roy, Chanchal K and Lopes, Cristina V},
  booktitle={2016 IEEE/ACM 38th International Conference on Software Engineering (ICSE)},
  pages={1157--1168},
  year={2016},
  organization={IEEE}
}

@article{kamiya2002ccfinder,
  title={CCFinder: a multilinguistic token-based code clone detection system for large scale source code},
  author={Kamiya, Toshihiro and Kusumoto, Shinji and Inoue, Katsuro},
  journal={IEEE Transactions on Software Engineering},
  volume={28},
  number={7},
  pages={654--670},
  year={2002},
  publisher={IEEE}
}

@inproceedings{livieri2007very,
  title={Very-large scale code clone analysis and visualization of open source programs using distributed CCFinder: D-CCFinder},
  author={Livieri, Simone and Higo, Yoshiki and Matushita, Makoto and Inoue, Katsuro},
  booktitle={29th International Conference on Software Engineering (ICSE'07)},
  pages={106--115},
  year={2007},
  organization={IEEE}
}

@inproceedings{heitlager2007practical,
  title={A practical model for measuring maintainability},
  author={Heitlager, Ilja and Kuipers, Tobias and Visser, Joost},
  booktitle={6th international conference on the quality of information and communications technology (QUATIC 2007)},
  pages={30--39},
  year={2007},
  organization={IEEE}
}

@inproceedings{choi2011extracting,
  title={Extracting code clones for refactoring using combinations of clone metrics},
  author={Choi, Eunjong and Yoshida, Norihiro and Ishio, Takashi and Inoue, Katsuro and Sano, Tateki},
  booktitle={Proceedings of the 5th International Workshop on Software Clones},
  pages={7--13},
  year={2011},
  organization={ACM}
}

@article{fenton1999software,
  title={Software metrics: successes, failures and new directions},
  author={Fenton, Norman E and Neil, Martin},
  journal={Journal of Systems and Software},
  volume={47},
  number={2-3},
  pages={149--157},
  year={1999},
  publisher={Elsevier}
}

@inproceedings{kapser2006cloning,
  title={``Cloning considered harmful'' considered harmful},
  author={Kapser, Cory and Godfrey, Michael W},
  booktitle={Reverse Engineering, 2006. WCRE'06. 13th Working Conference on},
  pages={19--28},
  year={2006},
  organization={Citeseer}
}

@article{haefliger2008code,
  title={Code reuse in open source software},
  author={Haefliger, Stefan and Von Krogh, Georg and Spaeth, Sebastian},
  journal={Management science},
  volume={54},
  number={1},
  pages={180--193},
  year={2008},
  publisher={INFORMS}
}

@inproceedings{kodhai2010detection,
  title={Detection of type-1 and type-2 code clones using textual analysis and metrics},
  author={Kodhai, E and Kanmani, S and Kamatchi, A and Radhika, R and Saranya, B Vijaya},
  booktitle={2010 International Conference on Recent Trends in Information, Telecommunication and Computing},
  pages={241--243},
  year={2010},
  organization={IEEE}
}

@article{roy2007survey,
  title={A survey on software clone detection research},
  author={Roy, Chanchal Kumar and Cordy, James R},
  journal={Queen’s School of Computing TR},
  volume={541},
  number={115},
  pages={64--68},
  year={2007}
}

@inproceedings{van2019novel,
  title={A Novel Approach for Detecting Type-IV Clones in Test Code},
  author={van Bladel, Brent and Demeyer, Serge},
  booktitle={2019 IEEE 13th International Workshop on Software Clones (IWSC)},
  pages={8--12},
  year={2019},
  organization={IEEE}
}

@article{kodhai2013method,
  title={Method-Level code clone modification using refactoring techniques for clone maintenance},
  author={Kodhai, E and Kanmani, S},
  journal={Advanced Computing},
  volume={4},
  number={2},
  pages={7},
  year={2013},
  publisher={Academy \& Industry Research Collaboration Center (AIRCC)}
}

@inproceedings{lozano2007evaluating,
  title={Evaluating the harmfulness of cloning: A change based experiment},
  author={Lozano, Angela and Wermelinger, Michel and Nuseibeh, Bashar},
  booktitle={Fourth International Workshop on Mining Software Repositories (MSR'07: ICSE Workshops 2007)},
  pages={18--18},
  year={2007},
  organization={IEEE}
}

@INPROCEEDINGS{bergman2004ethnographic,
author={ and L. {Bergman} and T. {Lau} and D. {Notkin}},
booktitle={Proceedings. 2004 International Symposium on Empirical Software Engineering, 2004. ISESE '04.},
title={An ethnographic study of copy and paste programming practices in OOPL},
year={2004},
volume={},
number={},
pages={83-92},
keywords={object-oriented programming;object-oriented languages;software maintenance;ethnographic study;copy and paste programming;OOPL;copy and paste code;software development;copy and paste usage patterns;Eclipse IDE;copy and paste operations;software tools;software maintenance problems;object-oriented programming language;Programming profession;Software engineering;Pattern analysis;Taxonomy;Software maintenance;Computer languages;Cloning;History;Software tools;Computer science},
doi={10.1109/ISESE.2004.1334896},
ISSN={},
month={08}
}

@INPROCEEDINGS{ostberg2014automatically,
author={J. {Ostberg} and S. {Wagner}},
booktitle={2014 Joint Conference of the International Workshop on Software Measurement and the International Conference on Software Process and Product Measurement},
title={On Automatically Collectable Metrics for Software Maintainability Evaluation},
year={2014},
volume={},
number={},
pages={32-37},
keywords={software maintenance;software metrics;collectable metrics;software maintainability evaluation;code measurement;Measurement;Software;Complexity theory;Couplings;Maintenance engineering;Indexes;Cloning;Metrics;Software Maintenance;Software Quality Measurement},
doi={10.1109/IWSM.Mensura.2014.19},
ISSN={},
month={10}
}

@article{kapser2008cloning,
  title={“Cloning considered harmful” considered harmful: patterns of cloning in software},
  author={Kapser, Cory J and Godfrey, Michael W},
  journal={Empirical Software Engineering},
  volume={13},
  number={6},
  pages={645},
  year={2008},
  publisher={Springer}
}

@inproceedings{jarzabek2010clones,
 author = {Jarzabek, Stan and Xue, Yinxing},
 title = {Are Clones Harmful for Maintenance?},
 booktitle = {Proceedings of the 4th International Workshop on Software Clones},
 series = {IWSC '10},
 year = {2010},
 isbn = {978-1-60558-980-0},
 pages = {73--74},
 numpages = {2},
 url = {http://doi.acm.org/10.1145/1808901.1808911},
 doi = {10.1145/1808901.1808911},
 acmid = {1808911},
 publisher = {ACM},
 address = {New York, NY, USA},
 keywords = {clone detection, similarity patterns, software clones},
}

@article{higo2008metric,
  title={A metric-based approach to identifying refactoring opportunities for merging code clones in a Java software system},
  author={Higo, Yoshiki and Kusumoto, Shinji and Inoue, Katsuro},
  journal={Journal of Software Maintenance and Evolution: Research and Practice},
  volume={20},
  number={6},
  pages={435--461},
  year={2008},
  publisher={Wiley Online Library}
}

@techreport{higo2013revisiting,
  title={Revisiting Capability of PDG-based Clone Detection},
  author={Higo, Yoshiki and Murakami, Hiroaki and Kusumoto, Shinji},
  year={2013},
  institution={Citeseer}
}

@inproceedings{githubCorpus2013,
	author={Allamanis, Miltiadis and Sutton, Charles},
	title={{Mining Source Code Repositories at Massive Scale using Language Modeling}},
	booktitle={The 10th Working Conference on Mining Software Repositories},
	year={2013},
	pages={207--216},
	organization={IEEE}
}

@article{sheneamer2016survey,
  title={A survey of software clone detection techniques},
  author={Sheneamer, Abdullah and Kalita, Jugal},
  journal={International Journal of Computer Applications},
  volume={137},
  number={10},
  pages={1--21},
  year={2016},
  publisher={Foundation of Computer Science}
}

@inproceedings{svajlenko2014evaluating,
  title={Evaluating modern clone detection tools},
  author={Svajlenko, Jeffrey and Roy, Chanchal K},
  booktitle={2014 IEEE International Conference on Software Maintenance and Evolution},
  pages={321--330},
  year={2014},
  organization={IEEE}
}

@inproceedings{gautam2016various,
author = {Gautam, Pratiksha and Saini, Hemraj},
year = {2016},
month = {08},
pages = {655-667},
title = {Various Code Clone Detection Techniques and Tools: A Comprehensive Survey},
isbn = {978-981-10-3432-9},
doi = {10.1007/978-981-10-3433-6_79},
booktitle={SmartCom 2016: Smart Trends in Information Technology and Computer Communications},
conference={International Conference on Smart Trends for Information Technology and Computer Communications}
}

  @misc{tomassetti2017javaparser,
  title={JavaParser},
  author={Nicholas Smith and Danny van Bruggen and Federico Tomassetti},
  year={2018},
  month={05},
  day={31}
}

@inproceedings{fontana2015duplicated,
  title={A duplicated code refactoring advisor},
  author={Fontana, Francesca Arcelli and Zanoni, Marco},
  booktitle={International Conference on Agile Software Development},
  pages={3--14},
  year={2015},
  organization={Springer}
}

@phdthesis{fontana2012duplicated,
  title={Duplicated Code Refactoring Advisor (DCRA): a tool aimed at suggesting the best refactoring techniques of Java code clones},
  author={Fontana, Francesca Arcelli and Zanoni, Marco and Zanoni, Francesco},
  year={2012},
  school={UNIVERSITÀ DEGLI STUDI DI MILANO-BICOCCA},
  organization={Università degli Studi di Milano-Bicocca}
}

@article{koni2001scenario,
  title={A scenario based approach for refactoring duplicated code in object oriented systems},
  author={Koni-N’Sapu, Georges Golomingi},
  journal={Master's thesis, University of Bern},
  year={2001}
}

@inproceedings{higo2004aries,
  title={ARIES: Refactoring support environment based on code clone analysis.},
  author={Higo, Yoshiki and Kamiya, Toshihiro and Kusumoto, Shinji and Inoue, Katsuro and Words, K},
  booktitle={IASTED Conf. on Software Engineering and Applications},
  pages={222--229},
  year={2004}
}

@phdthesis{alwaqfi2017refactoring,
  title={A Refactoring Technique for Large Groups of Software Clones},
  author={Alwaqfi, Asif},
  year={2017},
  school={Concordia University}
}

@article{chen2018clone,
  title={Clone refactoring inspection by summarizing clone refactorings and detecting inconsistent changes during software evolution},
  author={Chen, Zhiyuan and Kwon, Young-Woo and Song, Myoungkyu},
  journal={Journal of Software: Evolution and Process},
  volume={30},
  number={10},
  pages={e1951},
  year={2018},
  publisher={Wiley Online Library}
}

@inproceedings{di2017software,
  title={Software heritage: why and how to preserve software source code},
  author={Di Cosmo, Roberto and Zacchiroli, Stefano},
  booktitle={iPRES 2017-14th International Conference on Digital Preservation},
  pages={1--10},
  year={2017}
}

@inproceedings{kamalpriya2017enhancing,
  title={Enhancing program dependency graph based clone detection using approximate subgraph matching},
  author={Kamalpriya, CM and Singh, Paramvir},
  booktitle={2017 IEEE 11th International Workshop on Software Clones (IWSC)},
  pages={1--7},
  year={2017},
  organization={IEEE}
}

@article{ragkhitwetsagul2019siamese,
  title={Siamese: scalable and incremental code clone search via multiple code representations},
  author={Ragkhitwetsagul, Chaiyong and Krinke, Jens},
  journal={Empirical Software Engineering},
  pages={1--49},
  year={2019},
  publisher={Springer}
}

@article{roy2009comparison,
  title={Comparison and evaluation of code clone detection techniques and tools: A qualitative approach},
  author={Roy, Chanchal K and Cordy, James R and Koschke, Rainer},
  journal={Science of computer programming},
  volume={74},
  number={7},
  pages={470--495},
  year={2009},
  publisher={Elsevier North-Holland, Inc.}
}

@inproceedings{semura2017ccfindersw,
  title={CCFinderSW: Clone Detection Tool with Flexible Multilingual Tokenization},
  author={Semura, Yuichi and Yoshida, Norihiro and Choi, Eunjong and Inoue, Katsuro},
  booktitle={2017 24th Asia-Pacific Software Engineering Conference (APSEC)},
  pages={654--659},
  year={2017},
  organization={IEEE}
}

@inproceedings{roy2008nicad,
  title={NICAD: Accurate detection of near-miss intentional clones using flexible pretty-printing and code normalization},
  author={Roy, Chanchal K and Cordy, James R},
  booktitle={2008 16th iEEE international conference on program comprehension},
  pages={172--181},
  year={2008},
  organization={IEEE}
}

@inproceedings{cordy2011nicad,
  title={The NiCad clone detector},
  author={Cordy, James R and Roy, Chanchal K},
  booktitle={2011 IEEE 19th International Conference on Program Comprehension},
  pages={219--220},
  year={2011},
  organization={IEEE}
}

@inproceedings{saini2018oreo,
  title={Oreo: Detection of clones in the twilight zone},
  author={Saini, Vaibhav and Farmahinifarahani, Farima and Lu, Yadong and Baldi, Pierre and Lopes, Cristina V},
  booktitle={Proceedings of the 2018 26th ACM Joint Meeting on European Software Engineering Conference and Symposium on the Foundations of Software Engineering},
  pages={354--365},
  year={2018},
  organization={ACM}
}

@inproceedings{svajlenko2016bigcloneeval,
  title={Bigcloneeval: A clone detection tool evaluation framework with bigclonebench},
  author={Svajlenko, Jeffrey and Roy, Chanchal K},
  booktitle={2016 IEEE International Conference on Software Maintenance and Evolution (ICSME)},
  pages={596--600},
  year={2016},
  organization={IEEE}
}

@inproceedings{jiang2007deckard,
  title={Deckard: Scalable and accurate tree-based detection of code clones},
  author={Jiang, Lingxiao and Misherghi, Ghassan and Su, Zhendong and Glondu, Stephane},
  booktitle={Proceedings of the 29th international conference on Software Engineering},
  pages={96--105},
  year={2007},
  organization={IEEE Computer Society}
}

@article{saini2018towards,
  title={Towards Automating Precision Studies of Clone Detectors},
  author={Saini, Vaibhav and Farmahinifarahani, Farima and Lu, Yadong and Yang, Di and Martins, Pedro and Sajnani, Hitesh and Baldi, Pierre and Lopes, Cristina},
  journal={arXiv preprint arXiv:1812.05195},
  year={2018}
}

@inproceedings{lavoie2011automated,
  title={Automated type-3 clone oracle using levenshtein metric},
  author={Lavoie, Thierry and Merlo, Ettore},
  booktitle={Proceedings of the 5th international workshop on software clones},
  pages={34--40},
  year={2011},
  organization={ACM}
}

@article{bruntink2005use,
  title={On the use of clone detection for identifying crosscutting concern code},
  author={Bruntink, Magiel and Van Deursen, Arie and Van Engelen, Remco and Tourwe, Tom},
  journal={IEEE Transactions on Software Engineering},
  volume={31},
  number={10},
  pages={804--818},
  year={2005},
  publisher={IEEE}
}

@book{fowler2018refactoring,
  title={Refactoring: improving the design of existing code},
  author={Fowler, Martin},
  year={2018},
  edition = {Second},
  publisher={Addison-Wesley Professional}
}

@inproceedings{white2016deep,
  title={Deep learning code fragments for code clone detection},
  author={White, Martin and Tufano, Michele and Vendome, Christopher and Poshyvanyk, Denys},
  booktitle={Proceedings of the 31st IEEE/ACM International Conference on Automated Software Engineering},
  pages={87--98},
  year={2016},
  organization={ACM}
}

@inproceedings{mohnen2002interfaces,
  title={Interfaces with default implementations in Java},
  author={Mohnen, Markus},
  booktitle={Proceedings of the inaugural conference on the Principles and Practice of programming, 2002 and Proceedings of the second workshop on Intermediate representation engineering for virtual machines, 2002},
  pages={35--40},
  year={2002},
  organization={National University of Ireland}
}

@article{costello1984software,
  title={Software engineering under deadline pressure},
  author={Costello, Scott H},
  journal={ACM SIGSOFT Software Engineering Notes},
  volume={9},
  number={5},
  pages={15--19},
  year={1984},
  publisher={ACM}
}

@article{austin2001effects,
  title={The effects of time pressure on quality in software development: An agency model},
  author={Austin, Robert D},
  journal={Information systems research},
  volume={12},
  number={2},
  pages={195--207},
  year={2001},
  publisher={INFORMS}
}

@article{shah2014global,
  title={Global software testing under deadline pressure: Vendor-side experiences},
  author={Shah, Hina and Harrold, Mary Jean and Sinha, Saurabh},
  journal={Information and Software Technology},
  volume={56},
  number={1},
  pages={6--19},
  year={2014},
  publisher={Elsevier}
}

@article{cheney1984effects,
  title={Effects of individual characteristics, organizational factors and task characteristics on computer programmer productivity and job satisfaction},
  author={Cheney, Paul H},
  journal={Information \& management},
  volume={7},
  number={4},
  pages={209--214},
  year={1984},
  publisher={Elsevier}
}

@book{visser2016building,
  title={Building Maintainable Software, Java Edition: Ten Guidelines for Future-Proof Code},
  author={Visser, Joost and Rigal, Sylvan and Wijnholds, Gijs and van Eck, Pascal and van der Leek, Rob},
  year={2016},
  publisher={" O'Reilly Media, Inc."}
}

@article{campbell2017cognitive,
  title={Cognitive Complexity-A new way of measuring understandability},
  author={Campbell, G Ann},
  journal={Technical Report. SonarSource SA, Switzerland},
  year={2017}
}

@article{landman2016empirical,
  title={Empirical analysis of the relationship between CC and SLOC in a large corpus of Java methods and C functions},
  author={Landman, Davy and Serebrenik, Alexander and Bouwers, Eric and Vinju, Jurgen J},
  journal={Journal of Software: Evolution and Process},
  volume={28},
  number={7},
  pages={589--618},
  year={2016},
  publisher={Wiley Online Library}
}

@article{alon2018code2seq,
  title={code2seq: Generating sequences from structured representations of code},
  author={Alon, Uri and Levy, Omer and Yahav, Eran},
  journal={arXiv preprint arXiv:1808.01400},
  year={2018}
}

@inproceedings{allamanis2015suggesting,
author = {Allamanis, Miltiadis and Barr, Earl and Bird, Christian and Sutton, Charles},
year = {2015},
month = {08},
pages = {38-49},
title = {Suggesting accurate method and class names},
doi = {10.1145/2786805.2786849}
}

@article{eremondi2017sisyphus,
author = {Eremondi, Joey and Fabian, Ruffy and Akhter, Itrat},
year = {2017},
month = {03},
title = {Sisyphus - Crawling up the Library to Prevent Code Duplication}
}

@inproceedings{bakota2012cost,
  title={A cost model based on software maintainability},
  author={Bakota, Tibor and Heged{\H{u}}s, P{\'e}ter and Lad{\'a}nyi, Gergely and K{\"o}rtv{\'e}lyesi, P{\'e}ter and Ferenc, Rudolf and Gyim{\'o}thy, Tibor},
  booktitle={2012 28th IEEE International Conference on Software Maintenance (ICSM)},
  pages={316--325},
  year={2012},
  organization={IEEE}
}

@inproceedings{munson1978software,
  title={Software maintainability: a practical concern for life-cycle costs},
  author={Munson, John B},
  booktitle={The IEEE Computer Society's Second International Computer Software and Applications Conference, 1978. COMPSAC'78.},
  pages={54--59},
  year={1978},
  organization={IEEE}
}

@inproceedings{bavota2012does,
  title={When does a refactoring induce bugs? an empirical study},
  author={Bavota, Gabriele and De Carluccio, Bernardino and De Lucia, Andrea and Di Penta, Massimiliano and Oliveto, Rocco and Strollo, Orazio},
  booktitle={2012 IEEE 12th International Working Conference on Source Code Analysis and Manipulation},
  pages={104--113},
  year={2012},
  organization={IEEE}
}

@inproceedings{yue2018automatic,
  title={Automatic Clone Recommendation for Refactoring Based on the Present and the Past},
  author={Yue, Ruru and Gao, Zhe and Meng, Na and Xiong, Yingfei and Wang, Xiaoyin and Morgenthaler, J David},
  booktitle={2018 IEEE International Conference on Software Maintenance and Evolution (ICSME)},
  pages={115--126},
  year={2018},
  organization={IEEE}
}

@article{arcelli2013software,
  title={Software clone detection and refactoring},
  author={Arcelli Fontana, Francesca and Zanoni, Marco and Ranchetti, Andrea and Ranchetti, Davide},
  journal={ISRN Software Engineering},
  volume={2013},
  year={2013},
  publisher={Hindawi Publishing Corporation}
}

@inproceedings{lin2014clonepedia,
  title={Clonepedia: Summarizing code clones by common syntactic context for software maintenance},
  author={Lin, Yun and Xing, Zhenchang and Peng, Xin and Liu, Yang and Sun, Jun and Zhao, Wenyun and Dong, Jinsong},
  booktitle={Software Maintenance and Evolution (ICSME), 2014 IEEE International Conference on},
  pages={341--350},
  year={2014},
  organization={IEEE}
}

@inproceedings{mandal2014automatic,
  title={Automatic ranking of clones for refactoring through mining association rules},
  author={Mandal, Manishankar and Roy, Chanchal K and Schneider, Kevin A},
  booktitle={Software Maintenance, Reengineering and Reverse Engineering (CSMR-WCRE), 2014 Software Evolution Week-IEEE Conference on},
  pages={114--123},
  year={2014},
  organization={IEEE}
}

@inproceedings{balazinska2000advanced,
  title={Advanced clone-analysis to support object-oriented system refactoring},
  author={Balazinska, Magdalena and Merlo, Ettore and Dagenais, Michel and Lague, Bruno and Kontogiannis, Kostas},
  booktitle={Reverse Engineering, 2000. Proceedings. Seventh Working Conference on},
  pages={98--107},
  year={2000},
  organization={IEEE}
}

@inproceedings{yongting2018detection,
  title={Detection Technology and Application of Clone Refactoring},
  author={Yongting, Yao and Dongsheng, Liu and Liping, Zhang},
  booktitle={Proceedings of the 2018 2nd International Conference on Management Engineering, Software Engineering and Service Sciences},
  pages={128--133},
  year={2018},
  organization={ACM}
}

@inproceedings{bouktif2006novel,
  title={A novel approach to optimize clone refactoring activity},
  author={Bouktif, Salah and Antoniol, Giuliano and Merlo, Ettore and Neteler, Markus},
  booktitle={Proceedings of the 8th annual conference on Genetic and evolutionary computation},
  pages={1885--1892},
  year={2006},
  organization={ACM}
}

@inproceedings{fanqi2014using,
  title={Using Self Organized Mapping to Seek Refactorable Code Clone},
  author={Fanqi, Meng},
  booktitle={Communication Systems and Network Technologies (CSNT), 2014 Fourth International Conference on},
  pages={851--855},
  year={2014},
  organization={IEEE}
}

@article{devi2016study,
  title={A Study on the Nature of Code Clone Occurrence Predominantly in Feature Oriented Programming and the Prospects of Refactoring},
  author={Devi, U and Sharma, A and Kesswani, N},
  journal={International Journal of Computer Applications},
  volume={141},
  number={8},
  year={2016},
  publisher={Foundation of Computer Science}
}

@inproceedings{monden2002software,
  title={Software quality analysis by code clones in industrial legacy software},
  author={Monden, Akito and Nakae, Daikai and Kamiya, Toshihiro and Sato, Shin-ichi and Matsumoto, Ken-ichi},
  booktitle={Proceedings Eighth IEEE Symposium on Software Metrics},
  pages={87--94},
  year={2002},
  organization={IEEE}
}

@inproceedings{juergens2009code,
  title={Do code clones matter?},
  author={Juergens, Elmar and Deissenboeck, Florian and Hummel, Benjamin and Wagner, Stefan},
  booktitle={2009 IEEE 31st International Conference on Software Engineering},
  pages={485--495},
  year={2009},
  organization={IEEE}
}

@inproceedings{chatterji2013effects,
  title={Effects of cloned code on software maintainability: A replicated developer study},
  author={Chatterji, Debarshi and Carver, Jeffrey C and Kraft, Nicholas A and Harder, Jan},
  booktitle={2013 20th Working Conference on Reverse Engineering (WCRE)},
  pages={112--121},
  year={2013},
  organization={IEEE}
}

@inproceedings{mazinanian2016jdeodorant,
  title={JDeodorant: clone refactoring},
  author={Mazinanian, Davood and Tsantalis, Nikolaos and Stein, Raphael and Valenta, Zackary},
  booktitle={2016 IEEE/ACM 38th International Conference on Software Engineering Companion (ICSE-C)},
  pages={613--616},
  year={2016},
  organization={IEEE}
}

@inproceedings{yoshida2005refactoring,
  title={On refactoring support based on code clone dependency relation},
  author={Yoshida, Norihiro and Higo, Yoshiki and Kamiya, Toshihiro and Kusumoto, Shinji and Inoue, Katsuro},
  booktitle={11th IEEE International Software Metrics Symposium (METRICS'05)},
  pages={10--pp},
  year={2005},
  organization={IEEE}
}

@inproceedings{gode2010clone,
  title={Clone removal: Fact or fiction?},
  author={G{\"o}de, Nils},
  booktitle={Proceedings of the 4th International Workshop on Software Clones},
  pages={33--40},
  year={2010},
  organization={ACM}
}

@article{xing2003pseudo,
  title={On pseudo object-oriented programming considered harmful},
  author={Xing, Cong-cong and Belkhouche, Boumediene},
  journal={Communications of the ACM},
  volume={46},
  number={10},
  pages={115--117},
  year={2003},
  publisher={ACM}
}

@article{mccabe1976complexity,
  title={A complexity measure},
  author={McCabe, Thomas J},
  journal={IEEE Transactions on software Engineering},
  number={4},
  pages={308--320},
  year={1976},
  publisher={IEEE}
}

@inproceedings{ueda2002detection,
  title={On detection of gapped code clones using gap locations},
  author={Ueda, Yasushi and Kamiya, Toshihiro and Kusumoto, Shinji and Inoue, Katsuro},
  booktitle={Ninth Asia-Pacific Software Engineering Conference, 2002.},
  pages={327--336},
  year={2002},
  organization={IEEE}
}

@mastersthesis{zhao2018automatic,
  title={Automatic Refactoring for Renamed Clones in Test Code},
  author={Zhao, Jun},
  year={2018},
  school={University of Waterloo}
}

@article{bal2016medium,
  title={A medium-scale distributed system for computer science research: Infrastructure for the long term},
  author={Bal, Henri and Epema, Dick and de Laat, Cees and van Nieuwpoort, Rob and Romein, John and Seinstra, Frank and Snoek, Cees and Wijshoff, Harry},
  journal={Computer},
  volume={49},
  number={5},
  pages={54--63},
  year={2016},
  publisher={IEEE}
}

@inproceedings{tempero2010qualitas,
  title={The Qualitas Corpus: A curated collection of Java code for empirical studies},
  author={Tempero, Ewan and Anslow, Craig and Dietrich, Jens and Han, Ted and Li, Jing and Lumpe, Markus and Melton, Hayden and Noble, James},
  booktitle={2010 Asia Pacific Software Engineering Conference},
  pages={336--345},
  year={2010},
  organization={IEEE}
}

@inproceedings{aversano2007clones,
  title={How clones are maintained: An empirical study},
  author={Aversano, Lerina and Cerulo, Luigi and Di Penta, Massimiliano},
  booktitle={11th European Conference on Software Maintenance and Reengineering (CSMR'07)},
  pages={81--90},
  year={2007},
  organization={IEEE}
}

@inproceedings{hotta2010duplicate,
  title={Is duplicate code more frequently modified than non-duplicate code in software evolution?: an empirical study on open source software},
  author={Hotta, Keisuke and Sano, Yukiko and Higo, Yoshiki and Kusumoto, Shinji},
  booktitle={Proceedings of the Joint ERCIM Workshop on Software Evolution (EVOL) and International Workshop on Principles of Software Evolution (IWPSE)},
  pages={73--82},
  year={2010},
  organization={ACM}
}

@inproceedings{kim2005empirical,
  title={An empirical study of code clone genealogies},
  author={Kim, Miryung and Sazawal, Vibha and Notkin, David and Murphy, Gail},
  booktitle={ACM SIGSOFT Software Engineering Notes},
  volume={30},
  number={5},
  pages={187--196},
  year={2005},
  organization={ACM}
}

@inproceedings{krinke2007study,
  title={A study of consistent and inconsistent changes to code clones},
  author={Krinke, Jens},
  booktitle={14th working conference on reverse engineering (WCRE 2007)},
  pages={170--178},
  year={2007},
  organization={IEEE}
}

@inproceedings{saha2010evaluating,
  title={Evaluating code clone genealogies at release level: An empirical study},
  author={Saha, Ripon K and Asaduzzaman, Muhammad and Zibran, Minhaz F and Roy, Chanchal K and Schneider, Kevin A},
  booktitle={2010 10th IEEE Working Conference on Source Code Analysis and Manipulation},
  pages={87--96},
  year={2010},
  organization={IEEE}
}

@inproceedings{baxter1999clonedr,
  title={CloneDR: clone detection and removal},
  author={Baxter, Ira D and Quigley, Aaron and Bier, Lorraine and Sant’Anna, Marcelo and Moura, Leonardo and Yahin, Andrew},
  booktitle={Proceedings of the 1st International Workshop on Soft Computing Applied to Software Engineering},
  pages={111--117},
  year={1999}
}

@article{tsantalis2015assessing,
  title={Assessing the refactorability of software clones},
  author={Tsantalis, Nikolaos and Mazinanian, Davood and Krishnan, Giri Panamoottil},
  journal={IEEE Transactions on Software Engineering},
  volume={41},
  number={11},
  pages={1055--1090},
  year={2015},
  publisher={IEEE}
}

@article{vashisht2018impact,
  title={Impact of Clone Refactoring on External Quality Attributes of Open Source Softwares},
  author={Vashisht, Er Himanshi and Bharadwaj, Sanjay and Sharma, Sushma},
  year={2018}
}

@inproceedings{tsantalis2017clone,
  title={Clone refactoring with lambda expressions},
  author={Tsantalis, Nikolaos and Mazinanian, Davood and Rostami, Shahriar},
  booktitle={Proceedings of the 39th International Conference on Software Engineering},
  pages={60--70},
  year={2017},
  organization={IEEE Press}
}

@inproceedings{yoshida2019proactive,
  title={Proactive clone recommendation system for extract method refactoring},
  author={Yoshida, Norihiro and Numata, Seiya and Choi, Eunjong and Inoue, Katsuro},
  booktitle={Proceedings of the 3rd International Workshop on Refactoring},
  pages={67--70},
  year={2019},
  organization={IEEE Press}
}

@article{badri2019measuring,
  title={Measuring the effect of clone refactoring on the size of unit test cases in object-oriented software: an empirical study},
  author={Badri, Mourad and Badri, Linda and Hachemane, Oussama and Ouellet, Alexandre},
  journal={Innovations in Systems and Software Engineering},
  volume={15},
  number={2},
  pages={117--137},
  year={2019},
  publisher={Springer}
}

@inproceedings{krishnan2013refactoring,
  title={Refactoring clones: An optimization problem},
  author={Krishnan, Giri Panamoottil and Tsantalis, Nikolaos},
  booktitle={2013 IEEE International Conference on Software Maintenance},
  pages={360--363},
  year={2013},
  organization={IEEE}
}

@inproceedings{krishnan2014unification,
  title={Unification and refactoring of clones},
  author={Krishnan, Giri Panamoottil and Tsantalis, Nikolaos},
  booktitle={2014 Software Evolution Week-IEEE Conference on Software Maintenance, Reengineering, and Reverse Engineering (CSMR-WCRE)},
  pages={104--113},
  year={2014},
  organization={IEEE}
}

@inproceedings{deissenboeck2010flexible,
  title={Flexible architecture conformance assessment with ConQAT},
  author={Deissenboeck, Florian and Heinemann, Lars and Hummel, Benjamin and Juergens, Elmar},
  booktitle={Proceedings of the 32nd ACM/IEEE International Conference on Software Engineering-Volume 2},
  pages={247--250},
  year={2010},
  organization={ACM}
}

@article{li2006cp,
  title={CP-Miner: Finding copy-paste and related bugs in large-scale software code},
  author={Li, Zhenmin and Lu, Shan and Myagmar, Suvda and Zhou, Yuanyuan},
  journal={IEEE Transactions on software Engineering},
  volume={32},
  number={3},
  pages={176--192},
  year={2006},
  publisher={IEEE}
}

@inproceedings{roy2009mutation,
  title={A mutation/injection-based automatic framework for evaluating code clone detection tools},
  author={Roy, Chanchal K and Cordy, James R},
  booktitle={2009 International Conference on Software Testing, Verification, and Validation Workshops},
  pages={157--166},
  year={2009},
  organization={IEEE}
}

@inproceedings{alves2010deriving,
  title={Deriving metric thresholds from benchmark data},
  author={Alves, Tiago L and Ypma, Christiaan and Visser, Joost},
  booktitle={2010 IEEE International Conference on Software Maintenance},
  pages={1--10},
  year={2010},
  organization={IEEE}
}

@misc{smith2017javaparser,
  title={JavaParser: Visited; Analyse, transform and generate your Java code base},
  author={Smith, N and van Bruggen, D and Tomassetti, F},
  year={2017},
  publisher={Leanpub, British Columbia}
}

@inproceedings{charalampidou2018structural,
  title={Structural Quality Metrics as Indicators of the Long Method Bad Smell: An Empirical Study},
  author={Charalampidou, Sofia and Arvanitou, Elvira-Maria and Ampatzoglou, Apostolos and Avgeriou, Paris and Chatzigeorgiou, Alexander and Stamelos, Ioannis},
  booktitle={2018 44th Euromicro Conference on Software Engineering and Advanced Applications (SEAA)},
  pages={234--238},
  year={2018},
  organization={IEEE}
}

@inproceedings{mondai2018micro,
  title={Micro-clones in evolving software},
  author={Mondai, Manishankar and Roy, Chanchal K and Schneider, Kevin A},
  booktitle={2018 IEEE 25th International Conference on Software Analysis, Evolution and Reengineering (SANER)},
  pages={50--60},
  year={2018},
  organization={IEEE}
}


@inproceedings{tairas2011representing,
  title={Representing clones in a localized manner},
  author={Tairas, Robert and Jacob, Ferosh and Gray, Jeff},
  booktitle={Proceedings of the 5th International Workshop on Software Clones},
  pages={54--60},
  year={2011},
  organization={ACM}
}

@article{gilbert2002jfreechart,
  title={The jfreechart class library},
  author={Gilbert, David},
  journal={Developer Guide. Object Refinery},
  volume={7},
  year={2002}
}

@article{svajlenko2019mutation,
  title={The Mutation and Injection Framework: Evaluating Clone Detection Tools with Mutation Analysis},
  author={Svajlenko, Jeffrey and Roy, Chanchal},
  journal={IEEE Transactions on Software Engineering},
  year={2019},
  publisher={IEEE}
}

@inproceedings{wahler2004clone,
  title={Clone detection in source code by frequent itemset techniques},
  author={Wahler, Vera and Seipel, Dietmar and Wolff, J and Fischer, Gregor},
  booktitle={Source Code Analysis and Manipulation, Fourth IEEE International Workshop on},
  pages={128--135},
  year={2004},
  organization={IEEE}
}

@article{rattan2013software,
  title={Software clone detection: A systematic review},
  author={Rattan, Dhavleesh and Bhatia, Rajesh and Singh, Maninder},
  journal={Information and Software Technology},
  volume={55},
  number={7},
  pages={1165--1199},
  year={2013},
  publisher={Elsevier}
}

@article{meng2013refactoring,
  title={Refactoring model of legacy software in smart grid based on cloned codes detection},
  author={Meng, Fanqi and Qu, Zhaoyang and Guo, Xiaoli},
  journal={International Journal of Computer Science Issues (IJCSI)},
  volume={10},
  number={1},
  pages={296},
  year={2013},
  publisher={International Journal of Computer Science Issues (IJCSI)}
}

@inproceedings{juergens2009clonedetective,
  title={CloneDetective-A workbench for clone detection research},
  author={Juergens, Elmar and Deissenboeck, Florian and Hummel, Benjamin},
  booktitle={Proceedings of the 31st International Conference on Software Engineering},
  pages={603--606},
  year={2009},
  organization={IEEE Computer Society}
}

@inproceedings{ducasse1999language,
  title={A language independent approach for detecting duplicated code},
  author={Ducasse, St{\'e}phane and Rieger, Matthias and Demeyer, Serge},
  booktitle={Proceedings IEEE International Conference on Software Maintenance-1999 (ICSM'99).'Software Maintenance for Business Change'(Cat. No. 99CB36360)},
  pages={109--118},
  year={1999},
  organization={IEEE}
}

@inproceedings{uddin2013simcad,
  title={Simcad: An extensible and faster clone detection tool for large scale software systems},
  author={Uddin, Md Sharif and Roy, Chanchal K and Schneider, Kevin A},
  booktitle={2013 21st International Conference on Program Comprehension (ICPC)},
  pages={236--238},
  year={2013},
  organization={IEEE}
}

@inproceedings{toomey2012ctcompare,
  title={Ctcompare: Code clone detection using hashed token sequences},
  author={Toomey, Warren},
  booktitle={2012 6th International Workshop on Software Clones (IWSC)},
  pages={92--93},
  year={2012},
  organization={IEEE}
}

@inproceedings{higo2009enhancing,
  title={Enhancing quality of code clone detection with program dependency graph},
  author={Higo, Yoshiki and Kusumoto, Shinji},
  booktitle={2009 16th Working Conference on Reverse Engineering},
  pages={315--316},
  year={2009},
  organization={IEEE}
}

@inproceedings{nguyen2007sloc,
  title={A SLOC counting standard},
  author={Nguyen, Vu and Deeds-Rubin, Sophia and Tan, Thomas and Boehm, Barry},
  booktitle={Cocomo ii forum},
  volume={2007},
  pages={1--16},
  year={2007},
  organization={Citeseer}
}
