%Refactoring in object oriented languages: In General.
@book{wake2004refactoring,
  title={Refactoring workbook},
  author={Wake, William C},
  year={2004},
  publisher={Addison-Wesley Professional}
}

@book{fowler2018refactoring,
  title={Refactoring: improving the design of existing code},
  author={Fowler, Martin},
  year={2018},
  publisher={Addison-Wesley Professional}
}

@article{lientz1978characteristics,
  title={Characteristics of application software maintenance},
  author={Lientz, Bennet P and Swanson, E. Burton and Tompkins, Gail E},
  journal={Communications of the ACM},
  volume={21},
  number={6},
  pages={466--471},
  year={1978},
  publisher={ACM}
}

@article{mens2004survey,
  title={A survey of software refactoring},
  author={Mens, Tom and Tourw{\'e}, Tom},
  journal={IEEE Transactions on software engineering},
  volume={30},
  number={2},
  pages={126--139},
  year={2004},
  publisher={IEEE}
}

@inproceedings{mens2003refactoring,
  title={Refactoring: Emerging trends and open problems},
  author={Mens, Tom and Van Deursen, Arie and others},
  booktitle={Proceedings First International Workshop on REFactoring: Achievements, Challenges, Effects (REFACE)},
  year={2003}
}
